@article{SAC18,
  author    = {Tuomas Haarnoja and
               Aurick Zhou and
               Pieter Abbeel and
               Sergey Levine},
  title     = {Soft Actor-Critic: Off-Policy Maximum Entropy Deep Reinforcement Learning
               with a Stochastic Actor},
  journal   = {CoRR},
  volume    = {abs/1801.01290},
  year      = {2018},
  url       = {http://arxiv.org/abs/1801.01290},
  archivePrefix = {arXiv},
  eprint    = {1801.01290},
  timestamp = {Mon, 13 Aug 2018 16:48:10 +0200},
  biburl    = {https://dblp.org/rec/journals/corr/abs-1801-01290.bib},
  bibsource = {dblp computer science bibliography, https://dblp.org}
}